@article{koller2003max,
  title={Max-margin Markov networks},
  author={Ben Taskar, Carlos Guestrin, Daphne Koller},
  year={2003}
}
@INPROCEEDINGS{Taskar03max-marginmarkov,
    author = {Ben Taskar and Carlos Guestrin and Daphne Koller},
    title = {Max-margin Markov networks},
    booktitle = {.},
    year = {2003},
    publisher = {MIT Press}
}
@inproceedings{bock2012polyphonic,
  title={Polyphonic piano note transcription with recurrent neural networks},
  author={Bock, S and Schedl, Markus},
  booktitle={Acoustics, Speech and Signal Processing (ICASSP), 2012 IEEE International Conference on},
  pages={121--124},
  year={2012},
  organization={IEEE}
}
@article{poliner2006discriminative,
  title={A discriminative model for polyphonic piano transcription},
  author={Poliner, Graham E and Ellis, Daniel PW},
  journal={EURASIP Journal on Advances in Signal Processing},
  volume={2007},
  year={2006},
  publisher={Hindawi Publishing Corporation}
}
@inproceedings{raphael2002automatic,
  title={Automatic Transcription of Piano Music.},
  author={Raphael, Christopher},
  booktitle={ISMIR},
  year={2002}
}
@inproceedings{anguelov2005discriminative,
  title={Discriminative learning of markov random fields for segmentation of 3d scan data},
  author={Anguelov, Dragomir and Taskarf, B and Chatalbashev, Vassil and Koller, Daphne and Gupta, Dinkar and Heitz, Geremy and Ng, Andrew},
  booktitle={Computer Vision and Pattern Recognition, 2005. CVPR 2005. IEEE Computer Society Conference on},
  volume={2},
  pages={169--176},
  year={2005},
  organization={IEEE}
}
@inproceedings{nam2011classification,
  title={A Classification-Based Polyphonic Piano Transcription Approach Using Learned Feature Representations.},
  author={Nam, Juhan and Ngiam, Jiquan and Lee, Honglak and Slaney, Malcolm},
  booktitle={ISMIR},
  pages={175--180},
  year={2011}
}
@article{costantini2013nmf,
  title={NMF based Dictionary Learning for Automatic Transcription of Polyphonic Piano Music.},
  author={COSTANTINI, GIOVANNI and TODISCO, MASSIMILIANO and PERFETTI, RENZO},
  journal={WSEAS Transactions on Signal Processing},
  volume={9},
  number={3},
  year={2013}
}
@INPROCEEDINGS{5946322,
author={Benetos, E. and Dixon, S.},
booktitle={Acoustics, Speech and Signal Processing (ICASSP), 2011 IEEE International Conference on},
title={Polyphonic music transcription using note onset and offset detection},
year={2011},
month={May},
pages={37-40},
keywords={audio signal processing;music;HMM;MIDI data;multiple-F0 estimation;music signal;noise suppression;note offset detection;note onset detection;piano chords;pitch salience function;pitch tuning information;polyphonic music transcription;resonator time-frequency image;spectral flux;Databases;Estimation;Harmonic analysis;Hidden Markov models;Speech;Time frequency analysis;Tuning;Automatic transcription;acoustic signal processing;multiple-F0 estimation;music information retrieval},
doi={10.1109/ICASSP.2011.5946322},
ISSN={1520-6149},}
@article{emiya2010multipitch,
  title={Multipitch estimation of piano sounds using a new probabilistic spectral smoothness principle},
  author={Emiya, Valentin and Badeau, Roland and David, Bertrand},
  journal={Audio, Speech, and Language Processing, IEEE Transactions on},
  volume={18},
  number={6},
  pages={1643--1654},
  year={2010},
  publisher={IEEE}
}

