@inproceedings{Canny,
 author = {Canny, John},
 title = {GaP: A Factor Model for Discrete Data},
 booktitle = {Proceedings of the 27th Annual International ACM SIGIR Conference on Research and Development in Information Retrieval},
 series = {SIGIR '04},
 year = {2004},
 isbn = {1-58113-881-4},
 location = {Sheffield, United Kingdom},
 pages = {122--129},
 numpages = {8},
 url = {http://doi.acm.org/10.1145/1008992.1009016},
 doi = {10.1145/1008992.1009016},
 acmid = {1009016},
 publisher = {ACM},
 address = {New York, NY, USA},
 keywords = {EM algorithm, latent semantic analysis, probabilistic models},
} 

@ARTICLE{Dror,
. author={Dror, G. and Koenigstein, N. and Koren, Y.},
. journal={Proceedings of the IEEE},
. title={Web-Scale Media Recommendation Systems},
. year={2012},
. month={Sept},
. volume={100},
. number={9},
. pages={2722-2736},
. keywords={Collaboration;Data models;Media;Motion pictures;Music;Recommender systems;Collaborative filtering;Yahoo! Music;matrix factorization;recommender systems},
. doi={10.1109/JPROC.2012.2189529},
. ISSN={0018-9219},
}.

@BOOK{Johnson,
  title = {Continuous Univariate Distributions, Volume 1},
  publisher = {Wiley-Interscience},
  year = {1994},
  author = {Johnson, Norman L. and Kotz, Samuel and Balakrishnan, N.},
  edition = {{S}econd},
  howpublished = {Hardcover},
  isbn = {0471584959},
  keywords = {statistical\_theory, statistics},
  url = {http://www.amazon.com/exec/obidos/redirect?tag=citeulike07-20\&path=ASIN/0471584959}
}
